<record><leader>00000cas a22000007a 4500</leader><controlfield tag="001">14691023</controlfield><controlfield tag="008">861108d18631864wauwr ne      0    0eng d</controlfield><controlfield tag="009">6540</controlfield><datafield ind1=" " ind2=" " tag="010"><subfield code="a">sn 86076446 </subfield></datafield><datafield ind1=" " ind2=" " tag="040"><subfield code="a">NNX</subfield><subfield code="b">eng</subfield><subfield code="c">NNX</subfield><subfield code="d">DLC</subfield><subfield code="d">SLZ</subfield><subfield code="d">CNK</subfield><subfield code="d">OCL</subfield><subfield code="d">DLC</subfield><subfield code="d">OCLCF</subfield></datafield><datafield ind1=" " ind2=" " tag="042"><subfield code="a">msc</subfield></datafield><datafield ind1=" " ind2=" " tag="043"><subfield code="a">n-us-wa</subfield></datafield><datafield ind1="0" ind2="0" tag="050"><subfield code="a">Newspaper</subfield></datafield><datafield ind1="0" ind2="4" tag="245"><subfield code="a">The Seattle gazette.</subfield></datafield><datafield ind1=" " ind2=" " tag="260"><subfield code="a">Seattle, W.T. [i.e. Wash.] :</subfield><subfield code="b">J.R. Watson,</subfield><subfield code="c">1863-1864.</subfield></datafield><datafield ind1=" " ind2=" " tag="300"><subfield code="a">1 v.</subfield></datafield><datafield ind1=" " ind2=" " tag="310"><subfield code="a">Weekly</subfield></datafield><datafield ind1="0" ind2=" " tag="362"><subfield code="a">Vol. 1, no. 1 (Dec. 10, 1863)-v. 1, no. 24 (June 4, 1864).</subfield></datafield><datafield ind1=" " ind2="0" tag="651"><subfield code="a">Seattle (Wash.)</subfield><subfield code="v">Newspapers.</subfield></datafield><datafield ind1=" " ind2="7" tag="655"><subfield code="a">Newspapers.</subfield><subfield code="2">fast</subfield><subfield code="0">(OCoLC)fst01423814</subfield></datafield><datafield ind1=" " ind2="7" tag="651"><subfield code="a">Washington (State)</subfield><subfield code="z">Seattle.</subfield><subfield code="2">fast</subfield><subfield code="0">(OCoLC)fst01204940</subfield></datafield><datafield ind1=" " ind2=" " tag="752"><subfield code="a">United States</subfield><subfield code="b">Washington</subfield><subfield code="c">King</subfield><subfield code="d">Seattle.</subfield></datafield><datafield ind1="0" ind2="0" tag="780"><subfield code="t">Washington gazette (Seattle, Wash.)</subfield><subfield code="w">(DLC)sn 86076447</subfield><subfield code="w">(OCoLC)14690937</subfield></datafield><datafield ind1="0" ind2="0" tag="785"><subfield code="t">Seattle weekly gazette</subfield><subfield code="w">(DLC)sn 86071998</subfield><subfield code="w">(OCoLC)14288369</subfield></datafield></record>